@misc{define_iaas,
	author= "Cristian Gallegos",
	title= {A Essência do Cloud Computing IaaS},
	year= "2011",
	publisher= "http://www.tudosobrecloud.com.br",
	url= {http://www.tudosobrecloud.com.br/a-essencia-do-cloud-computing-iaas/},
	urldate= {{A}bril de 2011}
}
@misc{define_paas,
	author= "Déborah Oliveira",
	title= {PaaS possibilita pronta entrega de aplicativos},
	year= "2012",
	publisher= "http://computerworld.uol.com.br/tecnologia/",
	url={http://computerworld.uol.com.br/tecnologia/2012/01/09/paas-possibilita-pronta-entrega-de-aplicativos/},
	urldate={{J}aneiro de 2012}
}

@misc{define_paas2,
	author= "Dan Orlando",
	title={Modelos de Serviços de Computação em Nuvem, Parte 2: Plataforma como Serviço},
	year= "2011",
	publisher= "http://www.ibm.com/developerworks/",
	url={http://www.ibm.com/developerworks/br/cloud/library/cl-cloudservices2paas/},
	urldate={{S}etembro de 2011}
}
